@misc{NCSE,
        author = {R. Hiptmair},
	title = {Lecture slides for course "Numerical Methods for CSE"},
	year = {2015},
	note = {\\http://www.sam.math.ethz.ch/\symbol{126}hiptmair/tmp/NumCSE/NumCSE15.pdf}
}

@book{Higham,
	added-at = {2011-04-12T00:00:00.000+0200},
	author = {Higham, Nicholas J.},
	biburl = {http://www.bibsonomy.org/bibtex/239c43f5c726f91209ee56d4f9cc93983/dblp},
	interhash = {c331a06b5da0211488c56751109d47aa},
	intrahash = {39c43f5c726f91209ee56d4f9cc93983},
	isbn = {978-0-89871-521-7},
	pages = {I--XXX, 1--680},
	publisher = {SIAM},
	title = {Accuracy and stability of numerical algorithms (2. ed.).},
	x-fetchedfrom = {Bibsonomy},
	year = 2002
}

@book{Hackb,
	author = {Hackbusch, Wolfgang},
	publisher = {Springer Science \& Business Media},
	title = {Hierarchische Matrizen: Algorithmen und Analysis},
	url = {http://books.google.ch/books?hl=en&lr=&id=hFqZkCdGgioC&oi=fnd&pg=PA1&dq=Hierarchische+Matrizen+Hackbusch&ots=MvyhBQgH7f&sig=ajq9V020qmQI6-aXpw2hcz1HTWM},
	x-fetchedfrom = {Google Scholar},
	year = {2009}
}

@misc{Struwe,
	author = {Struwe, M.},
	school = {ETH Z\"{u}rich},
	title = {Analysis f\"{u}r informatiker},
	year = {2009}
}

@book{Ascher,
	author = {Ascher, Uri M and Greif, Chen},
	publisher = {Siam},
	title = {A First Course on Numerical Methods},
	url = {http://books.google.ch/books?hl=en&lr=&id=gJjh6QcBrlEC&oi=fnd&pg=PR2&dq=Ascher+Greif&ots=B9sAsHKbO3&sig=FqpWJ3Mrxv-r4N91DRTfRiIEFe0},
	volume = {7},
	x-fetchedfrom = {Google Scholar},
	year = {2011}
}

